<?xml version="1.0" encoding="UTF-8"?>
<record>
  <leader>01709nam#a2200409#cb4500</leader>
  <controlfield tag="003">DE-605</controlfield>
  <controlfield tag="005">20251102212711.0</controlfield>
  <controlfield tag="007">tu</controlfield>
  <controlfield tag="008">931225|1988####au ###########|||#|#ger#c</controlfield>
  <controlfield tag="001">990062819040206441</controlfield>
  <datafield tag="016" ind1="7" ind2=" ">
    <subfield code="a">260132863</subfield>
    <subfield code="2">OCoLC</subfield>
  </datafield>
  <datafield tag="020" ind1=" " ind2=" ">
    <subfield code="a">3205088727</subfield>
    <subfield code="c">brosch. : ca. DM 105.00, ca. S 680.00</subfield>
    <subfield code="9">3-205-08872-7</subfield>
  </datafield>
  <datafield tag="035" ind1=" " ind2=" ">
    <subfield code="a">(DE-605)HT003107762</subfield>
  </datafield>
  <datafield tag="040" ind1=" " ind2=" ">
    <subfield code="a">292</subfield>
    <subfield code="b">ger</subfield>
    <subfield code="c">DE-605</subfield>
    <subfield code="d">DE-605</subfield>
    <subfield code="e">rakwb</subfield>
  </datafield>
  <datafield tag="041" ind1=" " ind2=" ">
    <subfield code="a">ger</subfield>
  </datafield>
  <datafield tag="044" ind1=" " ind2=" ">
    <subfield code="c">XA-AT</subfield>
  </datafield>
  <datafield tag="100" ind1="1" ind2=" ">
    <subfield code="a">Gaisbauer, Adolf</subfield>
    <subfield code="d">1942-</subfield>
    <subfield code="0">(DE-588)172091063</subfield>
    <subfield code="4">aut</subfield>
    <subfield code="0">https://d-nb.info/gnd/172091063</subfield>
    <subfield code="0">http://viaf.org/viaf/2503420</subfield>
    <subfield code="B">GND-172091063</subfield>
  </datafield>
  <datafield tag="245" ind1="1" ind2="0">
    <subfield code="a">Davidstern und Doppeladler</subfield>
    <subfield code="b">Zionismus und jüdischer Nationalismus in Österreich 1882 - 1918</subfield>
    <subfield code="c">Adolf Gaisbauer</subfield>
  </datafield>
  <datafield tag="264" ind1=" " ind2="1">
    <subfield code="a">Wien [u.a.]</subfield>
    <subfield code="b">Böhlau</subfield>
    <subfield code="c">1988</subfield>
  </datafield>
  <datafield tag="300" ind1=" " ind2=" ">
    <subfield code="a">553 S. : Ill.</subfield>
  </datafield>
  <datafield tag="490" ind1="1" ind2=" ">
    <subfield code="a">Veröffentlichungen der Kommission für Neuere Geschichte Österreichs</subfield>
    <subfield code="v">78</subfield>
  </datafield>
  <datafield tag="689" ind1="0" ind2="0">
    <subfield code="a">Österreich-Ungarn</subfield>
    <subfield code="D">g</subfield>
    <subfield code="0">(DE-588)4075613-0</subfield>
  </datafield>
  <datafield tag="689" ind1="0" ind2="1">
    <subfield code="a">Zionismus</subfield>
    <subfield code="D">s</subfield>
    <subfield code="0">(DE-588)4067864-7</subfield>
    <subfield code="B">GND-040678644</subfield>
  </datafield>
  <datafield tag="689" ind1="0" ind2="2">
    <subfield code="a">Geschichte 1882-1918</subfield>
    <subfield code="A">z</subfield>
  </datafield>
  <datafield tag="689" ind1="1" ind2="0">
    <subfield code="a">Österreich-Ungarn</subfield>
    <subfield code="D">g</subfield>
    <subfield code="0">(DE-588)4075613-0</subfield>
  </datafield>
  <datafield tag="689" ind1="1" ind2="1">
    <subfield code="a">Nationalismus</subfield>
    <subfield code="D">s</subfield>
    <subfield code="0">(DE-588)4041300-7</subfield>
    <subfield code="B">GND-040413004</subfield>
  </datafield>
  <datafield tag="689" ind1="1" ind2="2">
    <subfield code="a">Juden</subfield>
    <subfield code="D">s</subfield>
    <subfield code="0">(DE-588)4028808-0</subfield>
    <subfield code="B">GND-040288080</subfield>
  </datafield>
  <datafield tag="689" ind1="1" ind2="3">
    <subfield code="a">Geschichte 1882-1918</subfield>
    <subfield code="A">z</subfield>
  </datafield>
  <datafield tag="940" ind1="1" ind2=" ">
    <subfield code="n">jfk</subfield>
  </datafield>
  <datafield tag="965" ind1=" " ind2=" ">
    <subfield code="u">https://digitale-objekte.hbz-nrw.de/storage2/2016/09/06/file_3/6860788.pdf</subfield>
  </datafield>
  <datafield tag="035" ind1=" " ind2=" ">
    <subfield code="a">(OCoLC)260132863</subfield>
  </datafield>
  <datafield tag="035" ind1=" " ind2=" ">
    <subfield code="a">(DE-599)HBZHT003107762</subfield>
  </datafield>
  <datafield tag="964" ind1="0" ind2="s">
    <subfield code="F">030</subfield>
    <subfield code="A">a|1uc||||||17</subfield>
  </datafield>
  <datafield tag="964" ind1="0" ind2="s">
    <subfield code="F">050</subfield>
    <subfield code="A">a|||||||||||||</subfield>
  </datafield>
  <datafield tag="964" ind1="0" ind2="s">
    <subfield code="F">051</subfield>
    <subfield code="A">s|||||||</subfield>
  </datafield>
  <datafield tag="830" ind1=" " ind2="0">
    <subfield code="a">Veröffentlichungen der Kommission für Neuere Geschichte Österreichs</subfield>
    <subfield code="w">(DE-605)HT001237573</subfield>
    <subfield code="v">78</subfield>
    <subfield code="9">O:1</subfield>
  </datafield>
  <datafield tag="856" ind1="4" ind2="2">
    <subfield code="m">V:DE-605;X:migimw</subfield>
    <subfield code="q">application/pdf</subfield>
    <subfield code="u">https://digitale-objekte.hbz-nrw.de/storage2/2016/09/06/file_3/6860788.pdf</subfield>
    <subfield code="3">Inhaltsverzeichnis</subfield>
    <subfield code="9">O:PKN</subfield>
  </datafield>
  <datafield tag="MBD" ind1=" " ind2=" ">
    <subfield code="M">49HBZ_NETWORK</subfield>
    <subfield code="i">990062819040206441</subfield>
    <subfield code="n">HBZ Network</subfield>
  </datafield>
  <datafield tag="MBD" ind1=" " ind2=" ">
    <subfield code="M">49HBZ_WUP</subfield>
    <subfield code="i">990005593250206447</subfield>
    <subfield code="n">Bergische Universität Wuppertal</subfield>
  </datafield>
  <datafield tag="MBD" ind1=" " ind2=" ">
    <subfield code="M">49HBZ_BRIDGE_FIZ</subfield>
    <subfield code="i">9989707307816</subfield>
    <subfield code="n">Bibliotheken ohne zentrale Katalogisierung</subfield>
  </datafield>
  <datafield tag="MBD" ind1=" " ind2=" ">
    <subfield code="M">49HBZ_FUH</subfield>
    <subfield code="i">990002520480106464</subfield>
    <subfield code="n">Fernuniversität Hagen</subfield>
  </datafield>
  <datafield tag="MBD" ind1=" " ind2=" ">
    <subfield code="M">49HBZ_UBA</subfield>
    <subfield code="i">991004131439706448</subfield>
    <subfield code="n">RWTH Aachen</subfield>
  </datafield>
  <datafield tag="MBD" ind1=" " ind2=" ">
    <subfield code="M">49HBZ_UBT</subfield>
    <subfield code="i">990004165220106470</subfield>
    <subfield code="n">UB Trier</subfield>
  </datafield>
  <datafield tag="MBD" ind1=" " ind2=" ">
    <subfield code="M">49HBZ_ULB</subfield>
    <subfield code="i">991030698669706467</subfield>
    <subfield code="n">Universitaet Bonn</subfield>
  </datafield>
  <datafield tag="MBD" ind1=" " ind2=" ">
    <subfield code="M">49HBZ_BIE</subfield>
    <subfield code="i">991022231259706442</subfield>
    <subfield code="n">Universität Bielefeld</subfield>
  </datafield>
  <datafield tag="MBD" ind1=" " ind2=" ">
    <subfield code="M">49HBZ_UBO</subfield>
    <subfield code="i">991002400269706471</subfield>
    <subfield code="n">Universität Bochum</subfield>
  </datafield>
  <datafield tag="MBD" ind1=" " ind2=" ">
    <subfield code="M">49HBZ_UDE</subfield>
    <subfield code="i">990005210780206446</subfield>
    <subfield code="n">Universität Duisburg-Essen</subfield>
  </datafield>
  <datafield tag="MBD" ind1=" " ind2=" ">
    <subfield code="M">49HBZ_DUE</subfield>
    <subfield code="i">990004537190206443</subfield>
    <subfield code="n">Universität Düsseldorf</subfield>
  </datafield>
  <datafield tag="MBD" ind1=" " ind2=" ">
    <subfield code="M">49HBZ_UBK</subfield>
    <subfield code="i">991006319209706476</subfield>
    <subfield code="n">Universität Köln</subfield>
  </datafield>
  <datafield tag="MBD" ind1=" " ind2=" ">
    <subfield code="M">49HBZ_ULM</subfield>
    <subfield code="i">991025661449706449</subfield>
    <subfield code="n">Universität Münster</subfield>
  </datafield>
  <datafield tag="MBD" ind1=" " ind2=" ">
    <subfield code="M">49HBZ_PAD</subfield>
    <subfield code="i">990004704300106463</subfield>
    <subfield code="n">Universitätsbibliothek Paderborn</subfield>
  </datafield>
  <datafield tag="MNG" ind1=" " ind2=" ">
    <subfield code="c">System</subfield>
    <subfield code="f">OTHER</subfield>
    <subfield code="i">marc21</subfield>
    <subfield code="h">20241030105157.0</subfield>
    <subfield code="l">64</subfield>
    <subfield code="k">01</subfield>
    <subfield code="e">false</subfield>
    <subfield code="d">2025-11-02 21:27:11 Europe/Berlin</subfield>
    <subfield code="g">006281904-HBZ01</subfield>
    <subfield code="j">60</subfield>
    <subfield code="a">import</subfield>
    <subfield code="b">2021-04-05 19:38:27 Europe/Berlin</subfield>
  </datafield>
  <datafield tag="H52" ind1=" " ind2=" ">
    <subfield code="b">W0001</subfield>
    <subfield code="c">05</subfield>
    <subfield code="h"/>
    <subfield code="8">22147833130006447</subfield>
  </datafield>
  <datafield tag="HOL" ind1=" " ind2=" ">
    <subfield code="b">2021-04-06 09:01:44</subfield>
    <subfield code="8">22147833130006447</subfield>
    <subfield code="M">49HBZ_WUP</subfield>
    <subfield code="g">false</subfield>
    <subfield code="a">import</subfield>
  </datafield>
  <datafield tag="ITM" ind1=" " ind2=" ">
    <subfield code="H">22147833130006447</subfield>
    <subfield code="x">05</subfield>
    <subfield code="f">BOOK</subfield>
    <subfield code="v">05</subfield>
    <subfield code="p">15</subfield>
    <subfield code="X">System</subfield>
    <subfield code="U">1988-05-17 12:59:00 Europe/Berlin</subfield>
    <subfield code="Y">2021-04-06 11:02:40 Europe/Berlin</subfield>
    <subfield code="h">false</subfield>
    <subfield code="n">ZZV654691</subfield>
    <subfield code="M">49HBZ_WUP</subfield>
    <subfield code="s">1</subfield>
    <subfield code="d">#</subfield>
    <subfield code="V">import</subfield>
    <subfield code="b">W00239604</subfield>
    <subfield code="a">23147833120006447</subfield>
    <subfield code="t">8</subfield>
    <subfield code="R">Maintenance count: 001</subfield>
    <subfield code="B">88/9652</subfield>
    <subfield code="D">20000217</subfield>
    <subfield code="W">1988-05-17 02:00:00 Europe/Berlin</subfield>
    <subfield code="u">W0001</subfield>
    <subfield code="w">W0001</subfield>
  </datafield>
  <datafield tag="H52" ind1="0" ind2=" ">
    <subfield code="b">Z9007</subfield>
    <subfield code="c">UNASSIGNED</subfield>
    <subfield code="8">22123501860007816</subfield>
  </datafield>
  <datafield tag="HOL" ind1=" " ind2=" ">
    <subfield code="d">2024-11-01 07:09:20</subfield>
    <subfield code="8">22123501860007816</subfield>
    <subfield code="b">2024-11-01 07:09:20</subfield>
    <subfield code="M">49HBZ_BRIDGE_FIZ</subfield>
    <subfield code="g">false</subfield>
    <subfield code="a">System</subfield>
    <subfield code="c">System</subfield>
  </datafield>
  <datafield tag="H52" ind1="8" ind2=" ">
    <subfield code="b">F0001</subfield>
    <subfield code="c">00</subfield>
    <subfield code="h">MJD/GAI</subfield>
    <subfield code="8">2297338970006464</subfield>
  </datafield>
  <datafield tag="HOL" ind1=" " ind2=" ">
    <subfield code="d">2023-12-03 22:26:20</subfield>
    <subfield code="8">2297338970006464</subfield>
    <subfield code="b">2022-07-04 11:04:41</subfield>
    <subfield code="M">49HBZ_FUH</subfield>
    <subfield code="g">false</subfield>
    <subfield code="a">import</subfield>
    <subfield code="c">System</subfield>
  </datafield>
  <datafield tag="ITM" ind1=" " ind2=" ">
    <subfield code="H">2297338970006464</subfield>
    <subfield code="x">00</subfield>
    <subfield code="f">BOOK</subfield>
    <subfield code="v">00</subfield>
    <subfield code="p">10</subfield>
    <subfield code="X">System</subfield>
    <subfield code="U">1989-01-09 11:59:00 Europe/Berlin</subfield>
    <subfield code="Y">2023-12-03 23:26:19 Europe/Berlin</subfield>
    <subfield code="h">false</subfield>
    <subfield code="n">MJD/GAI</subfield>
    <subfield code="M">49HBZ_FUH</subfield>
    <subfield code="s">1</subfield>
    <subfield code="d">8</subfield>
    <subfield code="V">import</subfield>
    <subfield code="b">880659601</subfield>
    <subfield code="a">2397338960006464</subfield>
    <subfield code="c">MJD/GAI</subfield>
    <subfield code="B">88/6596</subfield>
    <subfield code="D">20000217</subfield>
    <subfield code="W">1989-01-09 01:00:00 Europe/Berlin</subfield>
    <subfield code="u">F0001</subfield>
    <subfield code="w">F0001</subfield>
  </datafield>
  <datafield tag="H52" ind1="8" ind2=" ">
    <subfield code="b">ZB</subfield>
    <subfield code="c">MAGAZIN_2</subfield>
    <subfield code="8">22211385400006448</subfield>
  </datafield>
  <datafield tag="HOL" ind1=" " ind2=" ">
    <subfield code="b">2022-07-20 20:47:24</subfield>
    <subfield code="8">22211385400006448</subfield>
    <subfield code="M">49HBZ_UBA</subfield>
    <subfield code="g">false</subfield>
    <subfield code="a">import</subfield>
  </datafield>
  <datafield tag="ITM" ind1=" " ind2=" ">
    <subfield code="H">22211385400006448</subfield>
    <subfield code="x">MAGAZIN_2</subfield>
    <subfield code="f">BOOK</subfield>
    <subfield code="v">MAGAZIN_2</subfield>
    <subfield code="p">Standard</subfield>
    <subfield code="X">System</subfield>
    <subfield code="U">2022-07-20 12:59:00 Europe/Berlin</subfield>
    <subfield code="Y">2022-07-20 22:47:59 Europe/Berlin</subfield>
    <subfield code="h">false</subfield>
    <subfield code="n">MA7996-78+1</subfield>
    <subfield code="G">1</subfield>
    <subfield code="M">49HBZ_UBA</subfield>
    <subfield code="s">1</subfield>
    <subfield code="d">8</subfield>
    <subfield code="V">import</subfield>
    <subfield code="L">Magazinetage: 0</subfield>
    <subfield code="b">MA7996-78+1</subfield>
    <subfield code="O">Ausleihzähler Migrationsjahr: 0 | Ausleihzähler Vor-Migrationsjahr: 0 | Ausleihzähler vorletztes Migrationsjahr: 0 | Vormerkzähler Migrationsjahr: 0 | vorletztes Rückgabedatum: 2008-02-21</subfield>
    <subfield code="N">Fernleihkonditionen: 0</subfield>
    <subfield code="a">23211385390006448</subfield>
    <subfield code="t">8</subfield>
    <subfield code="W">2022-07-20 22:47:24 Europe/Berlin</subfield>
    <subfield code="u">ZB</subfield>
    <subfield code="w">ZB</subfield>
  </datafield>
  <datafield tag="H52" ind1="8" ind2=" ">
    <subfield code="b">T0011</subfield>
    <subfield code="c">MAG</subfield>
    <subfield code="h">w68512</subfield>
    <subfield code="8">22247785500006470</subfield>
  </datafield>
  <datafield tag="HOL" ind1=" " ind2=" ">
    <subfield code="b">2023-08-13 13:42:09</subfield>
    <subfield code="8">22247785500006470</subfield>
    <subfield code="M">49HBZ_UBT</subfield>
    <subfield code="g">false</subfield>
    <subfield code="a">import</subfield>
  </datafield>
  <datafield tag="ITM" ind1=" " ind2=" ">
    <subfield code="H">22247785500006470</subfield>
    <subfield code="x">MAG</subfield>
    <subfield code="f">BOOK</subfield>
    <subfield code="v">MAG</subfield>
    <subfield code="p">20</subfield>
    <subfield code="X">System</subfield>
    <subfield code="U">1988-05-02 12:59:00 Europe/Berlin</subfield>
    <subfield code="Y">2023-08-13 15:44:06 Europe/Berlin</subfield>
    <subfield code="h">false</subfield>
    <subfield code="n">w68512</subfield>
    <subfield code="M">49HBZ_UBT</subfield>
    <subfield code="s">1</subfield>
    <subfield code="d">8</subfield>
    <subfield code="V">import</subfield>
    <subfield code="b">0103.9435.88</subfield>
    <subfield code="a">23247785490006470</subfield>
    <subfield code="t">8</subfield>
    <subfield code="R">Maintenance count: 001</subfield>
    <subfield code="c">w68512</subfield>
    <subfield code="B">88-1599</subfield>
    <subfield code="D">20000217</subfield>
    <subfield code="W">1988-05-02 02:00:00 Europe/Berlin</subfield>
    <subfield code="u">T0011</subfield>
    <subfield code="w">T0011</subfield>
  </datafield>
  <datafield tag="H52" ind1="#" ind2=" ">
    <subfield code="b">0</subfield>
    <subfield code="c">0-MagAlt</subfield>
    <subfield code="h"> Lg 4' 25 (78) </subfield>
    <subfield code="8">22289188410006467</subfield>
  </datafield>
  <datafield tag="HOL" ind1=" " ind2=" ">
    <subfield code="d">2023-08-03 09:58:12</subfield>
    <subfield code="8">22289188410006467</subfield>
    <subfield code="b">2023-07-24 10:35:51</subfield>
    <subfield code="M">49HBZ_ULB</subfield>
    <subfield code="g">false</subfield>
    <subfield code="a">import</subfield>
    <subfield code="c">System</subfield>
  </datafield>
  <datafield tag="H52" ind1="#" ind2=" ">
    <subfield code="b">GO</subfield>
    <subfield code="c">GO-Frei</subfield>
    <subfield code="h">B 14 h 3</subfield>
    <subfield code="8">22289188390006467</subfield>
  </datafield>
  <datafield tag="HOL" ind1=" " ind2=" ">
    <subfield code="b">2023-07-24 10:35:51</subfield>
    <subfield code="8">22289188390006467</subfield>
    <subfield code="M">49HBZ_ULB</subfield>
    <subfield code="g">false</subfield>
    <subfield code="a">import</subfield>
  </datafield>
  <datafield tag="ITM" ind1=" " ind2=" ">
    <subfield code="H">22289188410006467</subfield>
    <subfield code="x">0-MagAlt</subfield>
    <subfield code="f">BOOK</subfield>
    <subfield code="v">0-MagAlt</subfield>
    <subfield code="p">ExceptionalLoan</subfield>
    <subfield code="X">System</subfield>
    <subfield code="U">2023-07-23 12:59:00 Europe/Berlin</subfield>
    <subfield code="Y">2023-08-04 11:11:07 Europe/Berlin</subfield>
    <subfield code="h">false</subfield>
    <subfield code="n">Lg 4' 25 (78)</subfield>
    <subfield code="G">1</subfield>
    <subfield code="M">49HBZ_ULB</subfield>
    <subfield code="s">1</subfield>
    <subfield code="d">#</subfield>
    <subfield code="V">import</subfield>
    <subfield code="L">HBInvNr.: re.981016.477</subfield>
    <subfield code="b">Lg4'25(78)</subfield>
    <subfield code="O">SISIS-Ausleihzähler Migrationsjahr: 0 | SISIS-Ausleihzähler Vor-Migrationsjahr: 0 | SISIS-Ausleihzähler vorletztes Migrationsjahr: 0 | SISIS-Vormerkzähler Migrationsjahr: 0 | SISIS-vorletztes Rückgabedatum: 2016-10-18</subfield>
    <subfield code="N">SISIS-ULBSystematik: 818 | SISIS-Magazindrucker: 5 | SISIS-Fernleihkonditionen: 0 | SISIS-Medientyp: 0 | Sigel: 5 | SISIS-Entleihbarkeit: S | SISIS-Zweigstelle: 0</subfield>
    <subfield code="a">23289188400006467</subfield>
    <subfield code="c">Lg 4' 25 (78)</subfield>
    <subfield code="W">2023-07-24 12:35:51 Europe/Berlin</subfield>
    <subfield code="u">0</subfield>
    <subfield code="w">0</subfield>
  </datafield>
  <datafield tag="ITM" ind1=" " ind2=" ">
    <subfield code="H">22289188390006467</subfield>
    <subfield code="x">GO-Frei</subfield>
    <subfield code="f">BOOK</subfield>
    <subfield code="v">GO-Frei</subfield>
    <subfield code="X">AMO_TL2_FIX</subfield>
    <subfield code="U">2023-07-23 12:59:00 Europe/Berlin</subfield>
    <subfield code="Y">2023-07-25 08:01:39 Europe/Berlin</subfield>
    <subfield code="h">false</subfield>
    <subfield code="n">B 14 h 3</subfield>
    <subfield code="G">1</subfield>
    <subfield code="M">49HBZ_ULB</subfield>
    <subfield code="s">1</subfield>
    <subfield code="d">#</subfield>
    <subfield code="V">import</subfield>
    <subfield code="L">32041</subfield>
    <subfield code="b">GO-007623</subfield>
    <subfield code="O">SISIS-Ausleihzähler Migrationsjahr: 0 | SISIS-Ausleihzähler Vor-Migrationsjahr: 0 | SISIS-Ausleihzähler vorletztes Migrationsjahr: 0 | SISIS-Vormerkzähler Migrationsjahr: 0 | SISIS-Buchdaten-Aufnahmedatum: 2013-05-15</subfield>
    <subfield code="N">SISIS-ULBSystematik: 0 | SISIS-Magazindrucker: 0 | SISIS-Fernleihkonditionen: 3 | SISIS-Medientyp: 0 | Sigel: 5/161 | SISIS-Entleihbarkeit: X | SISIS-Zweigstelle: 49</subfield>
    <subfield code="a">23289188380006467</subfield>
    <subfield code="c">B 14 h 3</subfield>
    <subfield code="W">2023-07-24 12:35:51 Europe/Berlin</subfield>
    <subfield code="u">GO</subfield>
    <subfield code="w">GO</subfield>
  </datafield>
  <datafield tag="H52" ind1="8" ind2=" ">
    <subfield code="b">UB_BI</subfield>
    <subfield code="c">14G_Mono</subfield>
    <subfield code="h">DG328 G144</subfield>
    <subfield code="8">22265686980006442</subfield>
  </datafield>
  <datafield tag="HOL" ind1=" " ind2=" ">
    <subfield code="b">2021-04-19 05:10:25</subfield>
    <subfield code="8">22265686980006442</subfield>
    <subfield code="M">49HBZ_BIE</subfield>
    <subfield code="g">false</subfield>
    <subfield code="a">import</subfield>
  </datafield>
  <datafield tag="ITM" ind1=" " ind2=" ">
    <subfield code="H">22265686980006442</subfield>
    <subfield code="x">14G_Mono</subfield>
    <subfield code="f">BOOK</subfield>
    <subfield code="v">14G_Mono</subfield>
    <subfield code="p">item_08</subfield>
    <subfield code="X">System</subfield>
    <subfield code="U">2021-04-18 12:59:00 Europe/Berlin</subfield>
    <subfield code="Y">2023-06-07 11:02:57 Europe/Berlin</subfield>
    <subfield code="h">false</subfield>
    <subfield code="M">49HBZ_BIE</subfield>
    <subfield code="s">1</subfield>
    <subfield code="d">8</subfield>
    <subfield code="V">import</subfield>
    <subfield code="L">Abteilung/Standort/Haushaltsstufe: 14 | SISIS-Magazindrucker: 0 | HBZ01: HT003107762 | Keine Beilagen: 1</subfield>
    <subfield code="b">148/1553301+01</subfield>
    <subfield code="O">SISIS-Ausleihzähler vorletztes Migrationsjahr: 0 | SISIS-Vormerkzähler Migrationsjahr: 0 | SISIS-vorletztes Rückgabedatum: 2009-11-12 | SISIS-Buchdaten-Aufnahmedatum: 2002-01-28</subfield>
    <subfield code="N">Fernleihkonditionen: 0 | Sigel: 361 | Klassifikation: 14G_Mono | Altersbegrenzung: 0 | SISIS-Ausleihzähler Migrationsjahr: 0 | SISIS-Ausleihzähler Vor-Migrationsjahr: 0</subfield>
    <subfield code="a">23265686970006442</subfield>
    <subfield code="c">DG328 G144</subfield>
    <subfield code="W">2021-04-19 07:10:25 Europe/Berlin</subfield>
    <subfield code="u">UB_BI</subfield>
    <subfield code="w">UB_BI</subfield>
  </datafield>
  <datafield tag="H52" ind1="8" ind2=" ">
    <subfield code="b">UB</subfield>
    <subfield code="c">UB_G2B1</subfield>
    <subfield code="h">RLB5654</subfield>
    <subfield code="8">22126231250006471</subfield>
  </datafield>
  <datafield tag="HOL" ind1=" " ind2=" ">
    <subfield code="b">2023-07-30 15:47:59</subfield>
    <subfield code="8">22126231250006471</subfield>
    <subfield code="M">49HBZ_UBO</subfield>
    <subfield code="g">false</subfield>
    <subfield code="a">import</subfield>
  </datafield>
  <datafield tag="ITM" ind1=" " ind2=" ">
    <subfield code="H">22126231250006471</subfield>
    <subfield code="x">UB_G2B1</subfield>
    <subfield code="f">BOOK</subfield>
    <subfield code="v">UB_G2B1</subfield>
    <subfield code="p">S</subfield>
    <subfield code="X">AMO_TL2_FIX</subfield>
    <subfield code="U">2023-07-30 12:59:00 Europe/Berlin</subfield>
    <subfield code="Y">2023-07-31 18:08:30 Europe/Berlin</subfield>
    <subfield code="h">false</subfield>
    <subfield code="n">RLB5654</subfield>
    <subfield code="G">1</subfield>
    <subfield code="M">49HBZ_UBO</subfield>
    <subfield code="s">1</subfield>
    <subfield code="d">8</subfield>
    <subfield code="V">import</subfield>
    <subfield code="L">HBZ01: HT003107762 | Anzahl  Beilagen: 1</subfield>
    <subfield code="b">RLB5654</subfield>
    <subfield code="O">SISIS-Vormerkzähler Migrationsjahr: 0 | SISIS-Buchdaten-Aufnahmedatum: 2008-05-22</subfield>
    <subfield code="N">Sigel: 294 | Klassifikation: 2244 | SISIS-Ausleihzähler Migrationsjahr: 0</subfield>
    <subfield code="a">23126231240006471</subfield>
    <subfield code="c">RLB5654</subfield>
    <subfield code="W">2023-07-30 17:47:59 Europe/Berlin</subfield>
    <subfield code="u">UB</subfield>
    <subfield code="w">UB</subfield>
  </datafield>
  <datafield tag="H52" ind1="8" ind2=" ">
    <subfield code="b">E0001</subfield>
    <subfield code="c">E07</subfield>
    <subfield code="h">ZZZK760130</subfield>
    <subfield code="8">22427158080006446</subfield>
  </datafield>
  <datafield tag="HOL" ind1=" " ind2=" ">
    <subfield code="b">2021-04-15 19:06:55</subfield>
    <subfield code="8">22427158080006446</subfield>
    <subfield code="M">49HBZ_UDE</subfield>
    <subfield code="g">false</subfield>
    <subfield code="a">import</subfield>
  </datafield>
  <datafield tag="ITM" ind1=" " ind2=" ">
    <subfield code="H">22427158080006446</subfield>
    <subfield code="x">E07</subfield>
    <subfield code="f">BOOK</subfield>
    <subfield code="v">E07</subfield>
    <subfield code="X">System</subfield>
    <subfield code="U">1988-08-03 12:59:00 Europe/Berlin</subfield>
    <subfield code="Y">2024-07-05 21:19:10 Europe/Berlin</subfield>
    <subfield code="h">false</subfield>
    <subfield code="n">ZZZK760130</subfield>
    <subfield code="M">49HBZ_UDE</subfield>
    <subfield code="s">1</subfield>
    <subfield code="d">8</subfield>
    <subfield code="V">import</subfield>
    <subfield code="b">DE00665665</subfield>
    <subfield code="a">23427158050006446</subfield>
    <subfield code="t">8</subfield>
    <subfield code="c">ZZZK760130</subfield>
    <subfield code="B">10761/88</subfield>
    <subfield code="D">20000217</subfield>
    <subfield code="W">1988-08-03 02:00:00 Europe/Berlin</subfield>
    <subfield code="u">E0001</subfield>
    <subfield code="w">E0001</subfield>
  </datafield>
  <datafield tag="H52" ind1="8" ind2=" ">
    <subfield code="b">X0001</subfield>
    <subfield code="c">02</subfield>
    <subfield code="h">hist300.g144</subfield>
    <subfield code="8">22234923770006443</subfield>
  </datafield>
  <datafield tag="HOL" ind1=" " ind2=" ">
    <subfield code="b">2021-04-01 08:52:31</subfield>
    <subfield code="8">22234923770006443</subfield>
    <subfield code="M">49HBZ_DUE</subfield>
    <subfield code="g">false</subfield>
    <subfield code="a">import</subfield>
  </datafield>
  <datafield tag="ITM" ind1=" " ind2=" ">
    <subfield code="H">22234923770006443</subfield>
    <subfield code="x">02</subfield>
    <subfield code="f">BOOK</subfield>
    <subfield code="v">02</subfield>
    <subfield code="p">10</subfield>
    <subfield code="X">System</subfield>
    <subfield code="U">1993-07-28 12:59:00 Europe/Berlin</subfield>
    <subfield code="Y">2024-02-15 15:39:03 Europe/Berlin</subfield>
    <subfield code="h">false</subfield>
    <subfield code="M">49HBZ_DUE</subfield>
    <subfield code="s">1</subfield>
    <subfield code="d">8</subfield>
    <subfield code="V">import</subfield>
    <subfield code="b">078688201</subfield>
    <subfield code="a">23234923740006443</subfield>
    <subfield code="R">Maintenance count: 002</subfield>
    <subfield code="c">hist300.g144</subfield>
    <subfield code="W">1993-07-28 02:00:00 Europe/Berlin</subfield>
    <subfield code="u">X0001</subfield>
    <subfield code="w">X0001</subfield>
  </datafield>
  <datafield tag="H52" ind1=" " ind2=" ">
    <subfield code="b">38</subfield>
    <subfield code="c">38-MAG</subfield>
    <subfield code="8">22203636710006476</subfield>
  </datafield>
  <datafield tag="HOL" ind1=" " ind2=" ">
    <subfield code="b">2023-08-22 10:26:23</subfield>
    <subfield code="8">22203636710006476</subfield>
    <subfield code="M">49HBZ_UBK</subfield>
    <subfield code="g">false</subfield>
    <subfield code="a">import</subfield>
  </datafield>
  <datafield tag="H52" ind1=" " ind2=" ">
    <subfield code="b">38-425</subfield>
    <subfield code="c">38-425-BIB</subfield>
    <subfield code="8">22203636690006476</subfield>
  </datafield>
  <datafield tag="HOL" ind1=" " ind2=" ">
    <subfield code="b">2023-08-22 10:26:23</subfield>
    <subfield code="8">22203636690006476</subfield>
    <subfield code="M">49HBZ_UBK</subfield>
    <subfield code="g">false</subfield>
    <subfield code="a">import</subfield>
  </datafield>
  <datafield tag="ITM" ind1=" " ind2=" ">
    <subfield code="H">22203636710006476</subfield>
    <subfield code="x">38-MAG</subfield>
    <subfield code="f">BOOK</subfield>
    <subfield code="v">38-MAG</subfield>
    <subfield code="p">A</subfield>
    <subfield code="X">38Zorlu</subfield>
    <subfield code="U">2023-08-21 12:59:00 Europe/Berlin</subfield>
    <subfield code="Y">2025-04-22 08:31:11 Europe/Berlin</subfield>
    <subfield code="h">false</subfield>
    <subfield code="n">4E8289</subfield>
    <subfield code="G">1</subfield>
    <subfield code="M">49HBZ_UBK</subfield>
    <subfield code="s">1</subfield>
    <subfield code="d">#</subfield>
    <subfield code="V">import</subfield>
    <subfield code="b">4E8289</subfield>
    <subfield code="O">HBZ01: HT003107762 | Klassifikation: 0</subfield>
    <subfield code="a">23203636700006476</subfield>
    <subfield code="W">2023-08-22 12:26:23 Europe/Berlin</subfield>
    <subfield code="u">38</subfield>
    <subfield code="w">38</subfield>
  </datafield>
  <datafield tag="ITM" ind1=" " ind2=" ">
    <subfield code="H">22203636690006476</subfield>
    <subfield code="x">38-425-BIB</subfield>
    <subfield code="f">BOOK</subfield>
    <subfield code="v">38-425-BIB</subfield>
    <subfield code="p">X</subfield>
    <subfield code="X">AMO_HBZ_FIX</subfield>
    <subfield code="U">2023-08-21 12:59:00 Europe/Berlin</subfield>
    <subfield code="Y">2023-08-24 04:52:25 Europe/Berlin</subfield>
    <subfield code="h">false</subfield>
    <subfield code="n">425/56.301</subfield>
    <subfield code="G">1</subfield>
    <subfield code="M">49HBZ_UBK</subfield>
    <subfield code="s">1</subfield>
    <subfield code="d">#</subfield>
    <subfield code="V">import</subfield>
    <subfield code="L">Inv.-Nr.: 323/2001</subfield>
    <subfield code="b">425/005409</subfield>
    <subfield code="O">HBZ01: HT003107762 | Aufnahmedatum: 2017-08-09 | Klassifikation: 0</subfield>
    <subfield code="a">23203636680006476</subfield>
    <subfield code="W">2023-08-22 12:26:23 Europe/Berlin</subfield>
    <subfield code="u">38-425</subfield>
    <subfield code="w">38-425</subfield>
  </datafield>
  <datafield tag="H52" ind1="8" ind2=" ">
    <subfield code="b">ZB</subfield>
    <subfield code="c">ZB_FHM1</subfield>
    <subfield code="h">3D 45250</subfield>
    <subfield code="8">22618037030006449</subfield>
  </datafield>
  <datafield tag="HOL" ind1=" " ind2=" ">
    <subfield code="b">2022-07-11 13:52:44</subfield>
    <subfield code="8">22618037030006449</subfield>
    <subfield code="M">49HBZ_ULM</subfield>
    <subfield code="g">false</subfield>
    <subfield code="a">import</subfield>
  </datafield>
  <datafield tag="ITM" ind1=" " ind2=" ">
    <subfield code="H">22618037030006449</subfield>
    <subfield code="x">ZB_FHM1</subfield>
    <subfield code="f">BOOK</subfield>
    <subfield code="v">ZB_FHM1</subfield>
    <subfield code="X">System</subfield>
    <subfield code="U">2022-07-10 12:59:00 Europe/Berlin</subfield>
    <subfield code="Y">2025-02-26 05:59:37 Europe/Berlin</subfield>
    <subfield code="h">false</subfield>
    <subfield code="M">49HBZ_ULM</subfield>
    <subfield code="s">1</subfield>
    <subfield code="d">8</subfield>
    <subfield code="V">import</subfield>
    <subfield code="b">3D 45250</subfield>
    <subfield code="a">23618037020006449</subfield>
    <subfield code="c">3D 45250</subfield>
    <subfield code="W">2022-07-11 15:52:44 Europe/Berlin</subfield>
    <subfield code="u">ZB</subfield>
    <subfield code="w">ZB</subfield>
  </datafield>
  <datafield tag="H52" ind1="8" ind2="1">
    <subfield code="b">P0001</subfield>
    <subfield code="c">UNASSIGNED</subfield>
    <subfield code="8">22128522680006463</subfield>
  </datafield>
  <datafield tag="HOL" ind1=" " ind2=" ">
    <subfield code="b">2022-07-14 09:20:08</subfield>
    <subfield code="8">22128522680006463</subfield>
    <subfield code="M">49HBZ_PAD</subfield>
    <subfield code="g">false</subfield>
    <subfield code="a">import</subfield>
  </datafield>
  <datafield tag="H52" ind1="8" ind2=" ">
    <subfield code="b">P0001</subfield>
    <subfield code="c">31</subfield>
    <subfield code="8">22128522710006463</subfield>
  </datafield>
  <datafield tag="HOL" ind1=" " ind2=" ">
    <subfield code="b">2022-07-14 09:20:08</subfield>
    <subfield code="8">22128522710006463</subfield>
    <subfield code="M">49HBZ_PAD</subfield>
    <subfield code="g">false</subfield>
    <subfield code="a">import</subfield>
  </datafield>
  <datafield tag="ITM" ind1=" " ind2=" ">
    <subfield code="H">22128522710006463</subfield>
    <subfield code="x">31</subfield>
    <subfield code="f">BOOK</subfield>
    <subfield code="v">31</subfield>
    <subfield code="p">20</subfield>
    <subfield code="X">System</subfield>
    <subfield code="U">1994-07-18 12:59:00 Europe/Berlin</subfield>
    <subfield code="Y">2022-07-14 11:21:16 Europe/Berlin</subfield>
    <subfield code="h">false</subfield>
    <subfield code="n">LUR1014-78</subfield>
    <subfield code="M">49HBZ_PAD</subfield>
    <subfield code="s">1</subfield>
    <subfield code="d">8</subfield>
    <subfield code="V">import</subfield>
    <subfield code="b">LUR1014-78</subfield>
    <subfield code="a">23128522690006463</subfield>
    <subfield code="t">8</subfield>
    <subfield code="B">94/16390</subfield>
    <subfield code="D">20000217</subfield>
    <subfield code="W">1994-07-18 02:00:00 Europe/Berlin</subfield>
    <subfield code="u">P0001</subfield>
    <subfield code="w">P0001</subfield>
  </datafield>
  <datafield tag="GSI" ind1="7" ind2=" ">
    <subfield code="a">4075613-0</subfield>
    <subfield code="0">http://d-nb.info/gnd/4075613-0</subfield>
    <subfield code="2">gnd</subfield>
    <subfield code="A">GND</subfield>
    <subfield code="B">GND-040756130</subfield>
    <subfield code="C">024</subfield>
  </datafield>
  <datafield tag="GGN" ind1=" " ind2=" ">
    <subfield code="a">Österreichisch-Ungarische Monarchie</subfield>
    <subfield code="9">v:amtl. Name 1867-1918</subfield>
    <subfield code="A">GND</subfield>
    <subfield code="B">GND-040756130</subfield>
    <subfield code="C">451</subfield>
  </datafield>
  <datafield tag="GGN" ind1=" " ind2=" ">
    <subfield code="a">Donaumonarchie</subfield>
    <subfield code="A">GND</subfield>
    <subfield code="B">GND-040756130</subfield>
    <subfield code="C">451</subfield>
  </datafield>
  <datafield tag="GGN" ind1=" " ind2=" ">
    <subfield code="a">Doppelmonarchie</subfield>
    <subfield code="A">GND</subfield>
    <subfield code="B">GND-040756130</subfield>
    <subfield code="C">451</subfield>
  </datafield>
  <datafield tag="GGN" ind1=" " ind2=" ">
    <subfield code="a">Habsburgerreich</subfield>
    <subfield code="g">1867-1918</subfield>
    <subfield code="9">v:Vorlage</subfield>
    <subfield code="A">GND</subfield>
    <subfield code="B">GND-040756130</subfield>
    <subfield code="C">451</subfield>
  </datafield>
  <datafield tag="GGN" ind1=" " ind2=" ">
    <subfield code="a">Habsburgisches Reich</subfield>
    <subfield code="g">1867-1918</subfield>
    <subfield code="9">v:Vorlage</subfield>
    <subfield code="A">GND</subfield>
    <subfield code="B">GND-040756130</subfield>
    <subfield code="C">451</subfield>
  </datafield>
  <datafield tag="GGN" ind1=" " ind2=" ">
    <subfield code="a">Habsburgermonarchie</subfield>
    <subfield code="g">1867-1918</subfield>
    <subfield code="A">GND</subfield>
    <subfield code="B">GND-040756130</subfield>
    <subfield code="C">451</subfield>
  </datafield>
  <datafield tag="GGN" ind1=" " ind2=" ">
    <subfield code="a">Osztrák-Magyar Birodalom</subfield>
    <subfield code="A">GND</subfield>
    <subfield code="B">GND-040756130</subfield>
    <subfield code="C">451</subfield>
  </datafield>
  <datafield tag="GGN" ind1=" " ind2=" ">
    <subfield code="a">Monarchie Austro-Hongroise</subfield>
    <subfield code="A">GND</subfield>
    <subfield code="B">GND-040756130</subfield>
    <subfield code="C">451</subfield>
  </datafield>
  <datafield tag="GGN" ind1=" " ind2=" ">
    <subfield code="a">Empire Austro-Hongrois</subfield>
    <subfield code="A">GND</subfield>
    <subfield code="B">GND-040756130</subfield>
    <subfield code="C">451</subfield>
  </datafield>
  <datafield tag="GGN" ind1=" " ind2=" ">
    <subfield code="a">Austria-Hungary</subfield>
    <subfield code="A">GND</subfield>
    <subfield code="B">GND-040756130</subfield>
    <subfield code="C">451</subfield>
  </datafield>
  <datafield tag="GGN" ind1=" " ind2=" ">
    <subfield code="a">Austrian-Hungarian Monarchy</subfield>
    <subfield code="A">GND</subfield>
    <subfield code="B">GND-040756130</subfield>
    <subfield code="C">451</subfield>
  </datafield>
  <datafield tag="GGN" ind1=" " ind2=" ">
    <subfield code="a">Austrian-Hungarian Empire</subfield>
    <subfield code="A">GND</subfield>
    <subfield code="B">GND-040756130</subfield>
    <subfield code="C">451</subfield>
  </datafield>
  <datafield tag="GGN" ind1=" " ind2=" ">
    <subfield code="a">Austria-Hungría</subfield>
    <subfield code="A">GND</subfield>
    <subfield code="B">GND-040756130</subfield>
    <subfield code="C">451</subfield>
  </datafield>
  <datafield tag="GGN" ind1=" " ind2=" ">
    <subfield code="a">Austria-Ungheria</subfield>
    <subfield code="A">GND</subfield>
    <subfield code="B">GND-040756130</subfield>
    <subfield code="C">451</subfield>
  </datafield>
  <datafield tag="GGN" ind1=" " ind2=" ">
    <subfield code="a">Monarchia Austro-Ungarica</subfield>
    <subfield code="A">GND</subfield>
    <subfield code="B">GND-040756130</subfield>
    <subfield code="C">451</subfield>
  </datafield>
  <datafield tag="GGN" ind1=" " ind2=" ">
    <subfield code="a">Austro-We̜gry</subfield>
    <subfield code="A">GND</subfield>
    <subfield code="B">GND-040756130</subfield>
    <subfield code="C">451</subfield>
  </datafield>
  <datafield tag="GGN" ind1=" " ind2=" ">
    <subfield code="a">Österreich-Ungarische Monarchie</subfield>
    <subfield code="A">GND</subfield>
    <subfield code="B">GND-040756130</subfield>
    <subfield code="C">451</subfield>
  </datafield>
  <datafield tag="GGN" ind1=" " ind2=" ">
    <subfield code="a">Österreichisch-Ungarisches Reich</subfield>
    <subfield code="A">GND</subfield>
    <subfield code="B">GND-040756130</subfield>
    <subfield code="C">451</subfield>
  </datafield>
  <datafield tag="GGN" ind1=" " ind2=" ">
    <subfield code="a">Osztrák-Magyar Monarchia</subfield>
    <subfield code="A">GND</subfield>
    <subfield code="B">GND-040756130</subfield>
    <subfield code="C">451</subfield>
  </datafield>
  <datafield tag="GGN" ind1=" " ind2=" ">
    <subfield code="a">Autriche-Hongrie</subfield>
    <subfield code="A">GND</subfield>
    <subfield code="B">GND-040756130</subfield>
    <subfield code="C">451</subfield>
  </datafield>
  <datafield tag="GSI" ind1="7" ind2=" ">
    <subfield code="a">172091063</subfield>
    <subfield code="0">http://d-nb.info/gnd/172091063</subfield>
    <subfield code="2">gnd</subfield>
    <subfield code="A">GND</subfield>
    <subfield code="B">GND-172091063</subfield>
    <subfield code="C">024</subfield>
  </datafield>
  <datafield tag="GST" ind1=" " ind2=" ">
    <subfield code="a">Jude</subfield>
    <subfield code="A">GND</subfield>
    <subfield code="B">GND-040288080</subfield>
    <subfield code="C">450</subfield>
  </datafield>
  <datafield tag="GSI" ind1="7" ind2=" ">
    <subfield code="a">http://d-nb.info/gnd/4028808-0</subfield>
    <subfield code="2">uri</subfield>
    <subfield code="A">GND</subfield>
    <subfield code="B">GND-040288080</subfield>
    <subfield code="C">024</subfield>
  </datafield>
  <datafield tag="GST" ind1=" " ind2=" ">
    <subfield code="a">Pannationalismus</subfield>
    <subfield code="A">GND</subfield>
    <subfield code="B">GND-040413004</subfield>
    <subfield code="C">450</subfield>
  </datafield>
  <datafield tag="GSI" ind1="7" ind2=" ">
    <subfield code="a">4041300-7</subfield>
    <subfield code="0">http://d-nb.info/gnd/4041300-7</subfield>
    <subfield code="2">gnd</subfield>
    <subfield code="A">GND</subfield>
    <subfield code="B">GND-040413004</subfield>
    <subfield code="C">024</subfield>
  </datafield>
  <datafield tag="GSI" ind1="7" ind2=" ">
    <subfield code="a">4067864-7</subfield>
    <subfield code="0">http://d-nb.info/gnd/4067864-7</subfield>
    <subfield code="2">gnd</subfield>
    <subfield code="A">GND</subfield>
    <subfield code="B">GND-040678644</subfield>
    <subfield code="C">024</subfield>
  </datafield>
  <datafield tag="GSI" ind1="7" ind2=" ">
    <subfield code="a">4075613-0</subfield>
    <subfield code="0">http://d-nb.info/gnd/4075613-0</subfield>
    <subfield code="2">gnd</subfield>
    <subfield code="A">GND</subfield>
    <subfield code="B">GND-040756130</subfield>
    <subfield code="C">024</subfield>
  </datafield>
  <datafield tag="GGN" ind1=" " ind2=" ">
    <subfield code="a">Österreichisch-Ungarische Monarchie</subfield>
    <subfield code="9">v:amtl. Name 1867-1918</subfield>
    <subfield code="A">GND</subfield>
    <subfield code="B">GND-040756130</subfield>
    <subfield code="C">451</subfield>
  </datafield>
  <datafield tag="GGN" ind1=" " ind2=" ">
    <subfield code="a">Donaumonarchie</subfield>
    <subfield code="A">GND</subfield>
    <subfield code="B">GND-040756130</subfield>
    <subfield code="C">451</subfield>
  </datafield>
  <datafield tag="GGN" ind1=" " ind2=" ">
    <subfield code="a">Doppelmonarchie</subfield>
    <subfield code="A">GND</subfield>
    <subfield code="B">GND-040756130</subfield>
    <subfield code="C">451</subfield>
  </datafield>
  <datafield tag="GGN" ind1=" " ind2=" ">
    <subfield code="a">Habsburgerreich</subfield>
    <subfield code="g">1867-1918</subfield>
    <subfield code="9">v:Vorlage</subfield>
    <subfield code="A">GND</subfield>
    <subfield code="B">GND-040756130</subfield>
    <subfield code="C">451</subfield>
  </datafield>
  <datafield tag="GGN" ind1=" " ind2=" ">
    <subfield code="a">Habsburgisches Reich</subfield>
    <subfield code="g">1867-1918</subfield>
    <subfield code="9">v:Vorlage</subfield>
    <subfield code="A">GND</subfield>
    <subfield code="B">GND-040756130</subfield>
    <subfield code="C">451</subfield>
  </datafield>
  <datafield tag="GGN" ind1=" " ind2=" ">
    <subfield code="a">Habsburgermonarchie</subfield>
    <subfield code="g">1867-1918</subfield>
    <subfield code="A">GND</subfield>
    <subfield code="B">GND-040756130</subfield>
    <subfield code="C">451</subfield>
  </datafield>
  <datafield tag="GGN" ind1=" " ind2=" ">
    <subfield code="a">Osztrák-Magyar Birodalom</subfield>
    <subfield code="A">GND</subfield>
    <subfield code="B">GND-040756130</subfield>
    <subfield code="C">451</subfield>
  </datafield>
  <datafield tag="GGN" ind1=" " ind2=" ">
    <subfield code="a">Monarchie Austro-Hongroise</subfield>
    <subfield code="A">GND</subfield>
    <subfield code="B">GND-040756130</subfield>
    <subfield code="C">451</subfield>
  </datafield>
  <datafield tag="GGN" ind1=" " ind2=" ">
    <subfield code="a">Empire Austro-Hongrois</subfield>
    <subfield code="A">GND</subfield>
    <subfield code="B">GND-040756130</subfield>
    <subfield code="C">451</subfield>
  </datafield>
  <datafield tag="GGN" ind1=" " ind2=" ">
    <subfield code="a">Austria-Hungary</subfield>
    <subfield code="A">GND</subfield>
    <subfield code="B">GND-040756130</subfield>
    <subfield code="C">451</subfield>
  </datafield>
  <datafield tag="GGN" ind1=" " ind2=" ">
    <subfield code="a">Austrian-Hungarian Monarchy</subfield>
    <subfield code="A">GND</subfield>
    <subfield code="B">GND-040756130</subfield>
    <subfield code="C">451</subfield>
  </datafield>
  <datafield tag="GGN" ind1=" " ind2=" ">
    <subfield code="a">Austrian-Hungarian Empire</subfield>
    <subfield code="A">GND</subfield>
    <subfield code="B">GND-040756130</subfield>
    <subfield code="C">451</subfield>
  </datafield>
  <datafield tag="GGN" ind1=" " ind2=" ">
    <subfield code="a">Austria-Hungría</subfield>
    <subfield code="A">GND</subfield>
    <subfield code="B">GND-040756130</subfield>
    <subfield code="C">451</subfield>
  </datafield>
  <datafield tag="GGN" ind1=" " ind2=" ">
    <subfield code="a">Austria-Ungheria</subfield>
    <subfield code="A">GND</subfield>
    <subfield code="B">GND-040756130</subfield>
    <subfield code="C">451</subfield>
  </datafield>
  <datafield tag="GGN" ind1=" " ind2=" ">
    <subfield code="a">Monarchia Austro-Ungarica</subfield>
    <subfield code="A">GND</subfield>
    <subfield code="B">GND-040756130</subfield>
    <subfield code="C">451</subfield>
  </datafield>
  <datafield tag="GGN" ind1=" " ind2=" ">
    <subfield code="a">Austro-We̜gry</subfield>
    <subfield code="A">GND</subfield>
    <subfield code="B">GND-040756130</subfield>
    <subfield code="C">451</subfield>
  </datafield>
  <datafield tag="GGN" ind1=" " ind2=" ">
    <subfield code="a">Österreich-Ungarische Monarchie</subfield>
    <subfield code="A">GND</subfield>
    <subfield code="B">GND-040756130</subfield>
    <subfield code="C">451</subfield>
  </datafield>
  <datafield tag="GGN" ind1=" " ind2=" ">
    <subfield code="a">Österreichisch-Ungarisches Reich</subfield>
    <subfield code="A">GND</subfield>
    <subfield code="B">GND-040756130</subfield>
    <subfield code="C">451</subfield>
  </datafield>
  <datafield tag="GGN" ind1=" " ind2=" ">
    <subfield code="a">Osztrák-Magyar Monarchia</subfield>
    <subfield code="A">GND</subfield>
    <subfield code="B">GND-040756130</subfield>
    <subfield code="C">451</subfield>
  </datafield>
  <datafield tag="GGN" ind1=" " ind2=" ">
    <subfield code="a">Autriche-Hongrie</subfield>
    <subfield code="A">GND</subfield>
    <subfield code="B">GND-040756130</subfield>
    <subfield code="C">451</subfield>
  </datafield>
</record>
